@book{master,
title = {Bruksordning ved jordskifte i samband med
utbygging av småskalakraftverk},
author = {Sæmund Stokstad},
year = {2011},
publisher = {Universitetet for miljø- og biovitenskap}
}

@incollection{langbach2009,
author = {Tor Langbach},
title = {Jordskiftedomstolene og de alminnelige domstolene -- likheter og ulikheter},
booktitle = {Perspektiver på jordskifte},
year = {2009},
pages = {35-48},
publisher = {Gyldendal Akademisk}
}

@article{ravna2011,
author = {Øyvind Ravna},
title = {Om rettsfastsettende vedtak, semjedom og rettskraft i jordskifteprosessen},
journal = {Lov og rett},
volume = {50},
number = {4},
year = {2011},
pages = {213-219}
}

@incollection{sky2007,
title = {Internasjonalt perspektiv på jordskifte},
author = {Per Kåre Sky},
year = {2007},
booktitle = {Areal og eiendomsrett},
pages = {433-447},
publisher = {Universitetsforlaget}
}

@incollection{reiten2000,
title = {Nye sakstyper for jordskifterettene},
author = {Magne Reiten},
booktitle = {Kart og plan 2000},
year = {2000},
pages = {162-165},
publisher = {Fagbokforlaget}
}

@incollection{utgård2009,
title = {Jordskiftedomstolane og Den europeiske menneskerettskonvensjonen},
author = {Karl Arne Utgård},
year = {2009},
booktitle = {Perspektiver på jordskifte},
publisher = {Gyldendal Akademisk},
pages = {163-183}
}

@article{rygg1998,
author = {Ola Rygg},
journal = {Kart og plan},
title = {Jordskiftelova § 3 a)},
year = {1998},
pages = {179-183}
}




@article{vittikainen2004,
title = {An overview of land consolidation in Europe},
author = {Arvo Vittikainen},
journal = {Nordic Journal of Surveying and Real Estate Research},
year = {2004},
volume = {1},
number = {1},
pages = {25-44}
}

@book{keyser1848,
title = {Norges gamle love},
year = {1848},
publisher = {R. Keyser and P.A. Munch, Christiania},
}

@article{agrawal1999,
year={1999},
issn={0343-2521},
journal={GeoJournal},
volume={49},
number={3},
doi={10.1023/A:1007150828772},
title={Urban land consolidation: a review of policy and procedures in Indonesia and other Asian countries},
url={http://dx.doi.org/10.1023/A%3A1007150828772},
publisher={Kluwer Academic Publishers},
keywords={implementation; infrastructure; involuntary resettlement; land consolidation; participatory; planning; urban renewal},
author={Agrawal, P.},
pages={311-322},
language={English}
}

