@jurisdiction{bocardo10,
  title        = { Star Energy Weald Basin Ltd & Anor v Bocardo SA},
  date         = {2010},
  volume       = {35},
  reporter      = {UKSC},
}
%(28 July 2010)