@jurisdiction{chassagnou99,
title = {Chassagnou and Others v France},
reporter = {ECHR},
volume = {3},
pages = {22},
date = {1999},
institution = {ECtHR},
keywords = {echr},
}